@report{Scheele1975,
   author = {D Sam Scheele},
   journal = {TECHNOLOGICAL FORECASTING AND SOCIAL CHANGE I},
   pages = {215-219},
   title = {Consumerism Comes to Delphi: Comments on Delphi Assessment, Expert Opinion, Forecasting, and Group Process by H. Sackman*},
   year = {1975},
}
