@article{beirao2007,
  title={Understanding attitudes towards public transport and private car: A qualitative study},
  author={Beir{\~a}o, Gabriela and Cabral, JA Sarsfield},
  journal={Transport policy},
  volume={14},
  number={6},
  pages={478--489},
  year={2007},
  publisher={Elsevier}
}

@article{charnes1978,
  title={Measuring the efficiency of decision making units},
  author={Charnes, Abraham and Cooper, William W and Rhodes, Edwardo},
  journal={European journal of operational research},
  volume={2},
  number={6},
  pages={429--444},
  year={1978},
  publisher={Elsevier}
}

